<record><leader>00000cas a2200000 a 4500</leader><controlfield tag="001">13640557</controlfield><controlfield tag="008">860523d18962005scuwr ne      0   a0eng c</controlfield><datafield ind1=" " ind2=" " tag="010"><subfield code="a">sn 86063782 </subfield></datafield><datafield ind1=" " ind2=" " tag="040"><subfield code="a">KSH</subfield><subfield code="b">eng</subfield><subfield code="c">KSH</subfield><subfield code="d">NPT</subfield><subfield code="d">NSD</subfield><subfield code="d">SVN</subfield><subfield code="d">NVJ</subfield><subfield code="d">OCL</subfield><subfield code="d">OCLCQ</subfield><subfield code="d">SUC</subfield><subfield code="d">OCLCF</subfield><subfield code="d">SUC</subfield><subfield code="d">DLC</subfield></datafield><datafield ind1=" " ind2=" " tag="012"><subfield code="l">1</subfield><subfield code="m">1</subfield></datafield><datafield ind1="0" ind2=" " tag="022"><subfield code="a">0889-0617</subfield><subfield code="l">0889-0617</subfield><subfield code="2">1</subfield></datafield><datafield ind1=" " ind2=" " tag="032"><subfield code="a">102300</subfield><subfield code="b">USPS</subfield></datafield><datafield ind1=" " ind2=" " tag="037"><subfield code="b">Community Media, Inc., P.O. Box 191, Cheraw, S.C. 29510</subfield></datafield><datafield ind1=" " ind2=" " tag="042"><subfield code="a">msc</subfield><subfield code="a">nsdp</subfield></datafield><datafield ind1=" " ind2=" " tag="043"><subfield code="a">n-us-sc</subfield></datafield><datafield ind1="0" ind2="0" tag="050"><subfield code="a">Newspaper</subfield></datafield><datafield ind1=" " ind2="0" tag="222"><subfield code="a">Cheraw chronicle</subfield></datafield><datafield ind1="0" ind2="0" tag="245"><subfield code="a">Cheraw chronicle.</subfield></datafield><datafield ind1="1" ind2=" " tag="246"><subfield code="i">Vols. for 2000-  have running title:</subfield><subfield code="a">Chronicle &amp; advertiser</subfield></datafield><datafield ind1="1" ind2=" " tag="246"><subfield code="i">Vols. for  -2005 have running title:</subfield><subfield code="a">Cheraw chronicle &amp; Chesterfield advertiser</subfield></datafield><datafield ind1=" " ind2=" " tag="260"><subfield code="a">Cheraw, S.C. :</subfield><subfield code="b">J.N. Stricklin</subfield></datafield><datafield ind1=" " ind2=" " tag="300"><subfield code="a">118 v.</subfield></datafield><datafield ind1=" " ind2=" " tag="310"><subfield code="a">Weekly</subfield></datafield><datafield ind1="1" ind2=" " tag="362"><subfield code="a">Began in Nov. 1896; ceased in Apr. 2005.</subfield></datafield><datafield ind1=" " ind2=" " tag="500"><subfield code="a">Special edition issued in May 1934 without chronological designations, called: Chesterfield County development edition.</subfield></datafield><datafield ind1=" " ind2=" " tag="530"><subfield code="a">Archived issues are available in digital format from the Library of Congress Chronicling America online collection.</subfield></datafield><datafield ind1=" " ind2=" " tag="588"><subfield code="a">Description based on: Vol. 1, no. 2 (Nov. 19, 1896).</subfield></datafield><datafield ind1=" " ind2=" " tag="588"><subfield code="a">Latest issue consulted: Vol. 118, no. 28 (Apr. 21, 2005).</subfield></datafield><datafield ind1=" " ind2="0" tag="651"><subfield code="a">Cheraw (S.C.)</subfield><subfield code="v">Newspapers.</subfield></datafield><datafield ind1=" " ind2="0" tag="651"><subfield code="a">Chesterfield County (S.C.)</subfield><subfield code="v">Newspapers.</subfield></datafield><datafield ind1=" " ind2="7" tag="651"><subfield code="a">South Carolina</subfield><subfield code="z">Cheraw.</subfield><subfield code="2">fast</subfield><subfield code="0">(OCoLC)fst01206936</subfield></datafield><datafield ind1=" " ind2="7" tag="651"><subfield code="a">South Carolina</subfield><subfield code="z">Chesterfield County.</subfield><subfield code="2">fast</subfield><subfield code="0">(OCoLC)fst01209228</subfield></datafield><datafield ind1=" " ind2="7" tag="655"><subfield code="a">Newspapers.</subfield><subfield code="2">fast</subfield><subfield code="0">(OCoLC)fst01423814</subfield></datafield><datafield ind1=" " ind2=" " tag="752"><subfield code="a">United States</subfield><subfield code="b">South Carolina</subfield><subfield code="c">Chesterfield</subfield><subfield code="d">Cheraw.</subfield></datafield><datafield ind1="0" ind2="0" tag="785"><subfield code="t">Cheraw chronicle &amp; the Chesterfield advertiser</subfield><subfield code="w">(DLC)  2015226295</subfield><subfield code="w">(OCoLC)913750083</subfield></datafield><datafield ind1="4" ind2="1" tag="856"><subfield code="u">http://chroniclingamerica.loc.gov/lccn/sn86063782/issues</subfield></datafield><datafield ind1="1" ind2=" " tag="029"><subfield code="a">AU@</subfield><subfield code="b">000022168958</subfield></datafield></record>